@online{nibib_ct,
author = {National Institute of Biomedical Imaging and Bioengineering},
title        = {Computed Tomography (CT)},
  year         = {2025},
  url          = {https://www.nibib.nih.gov/science-education/science-topics/computed-tomography-ct#pid-1016},
  note         = {Accessed: 2025-09-16},
  organisation = {National Institute of Biomedical Imaging and Bioengineering}
}

@online{nibib_xray,
author = {National Institute of Biomedical Imaging and Bioengineering},
title        = {X-rays},
  year         = {2022},
  url          = {https://www.nibib.nih.gov/science-education/science-topics/x-rays},
  note         = {Accessed: 2025-09-16},
  organisation = {National Institute of Biomedical Imaging and Bioengineering}
}

@online{cancerresearchuk_ctscan_fig,
  author       = {Cancer Research UK},
  title        = {What is a CT (CAT) scan?},
  year         = {2025},
  url          = {https://www.cancerresearchuk.org/about-cancer/tests-and-scans/ct-scan},
  note         = {Accessed: 2025-09-16},
  organization = {Cancer Research UK}
}

@online{nett2019ctscanmodes,
  author       = {Brian Nett},
  title        = {Illustrated Comparison of CT Scan Modes: Axial, Helical, Wide-cone Axial, Low Pitch, High Pitch},
  year         = {2019},
  url          = {https://howradiologyworks.com/14040-2/},
  note         = {Accessed: 2025-09-16},
  organization = {How Radiology Works}
}

@online{lecturio_ct_2025,
  author       = {Lecturio},
  title        = {Computed Tomography (CT)},
  year         = {2025},
  url          = {https://www.lecturio.com/concepts/computed-tomography-ct/},
  note         = {Accessed: 2025-09-16},
  organization = {Lecturio}
}

@online{nett2019ctgenerations,
  author       = {Brian Nett},
  title        = {Animated CT Generations [1st, 2nd, 3rd, 4th, 5th Gen CT] for Radiologic Technologists},
  year         = {2019},
  url          = {https://howradiologyworks.com/ctgenerations/},
  note         = {Accessed: 2025-09-16},
  organization = {How Radiology Works}
}


@misc{math_of_ct,
    author={Markus Haltmeier, Sergiy Pereverzyev Jr.},
    title={Introduction to the mathematics of computed tomography},
    year={2014},
    howpublished = {Preprint-Series: Department of Mathematics - Applied Mathematics},
    url ={https://applied-math.uibk.ac.at/images/Preprints/2014/pp_14_2014.pdf},
    note         = {Accessed: 2025-09-16}
}

@misc{math_of_ct_wald,
    author={Prof., Dr. Anne Wald},
    title={MACHINE LEARNING FOR INVERSE PROBLEMS},
    year={2021},
    howpublished={Lecture Notes},
    note = {Accessed: 2025-09-16}
}

@misc{Osgood_Fourier,
  author = {Osgood, Brad},
  title = {The Fourier Transform and its Applications},
  year = {2007},
  publisher = {Stanford University},
  url = {https://see.stanford.edu/materials/lsoftaee261/book-fall-07.pdf},
  urldate = {2025-09-17}
}

@misc{SFU_RiemannSums,
  author = {{Simon Fraser University}},
  title = {Riemann Sums},
  year = {n.d.},
  url = {https://www.sfu.ca/math-coursenotes/Math%20158%20Course%20Notes/sec_riemann.html},
  urldate = {2025-09-17}
}

@article{DeepFBP_CT,
  author = {Sun, Feng and Gao, Meng and Sun, Yizhen and Wu, Xiaofei and Pan, Jiaqi and Zhang, Zhicheng and Zhang, Hao and Hu, Jianming},
  title = {Deep Filtered Back Projection for CT Reconstruction},
  journal = {IEEE Access},
  volume = {12},
  pages = {20962--20972},
  year = {2024},
  doi = {10.1109/ACCESS.2024.3357355}
}

@article{pcd_detec_paper,
author = {Scarfato, Emma and Stile, Stefania and Maiello, Vincenzo and Feo, Giuseppe},
year = {2024},
month = {04},
pages = {},
title = {The revolution of photon-counting CT towards new horizons of diagnostic imaging},
volume = {6},
journal = {Journal of Advanced Health Care},
doi = {10.36017/jahc202462333}
}

@article{Solomon_Marin_Choudhury_Patel_Samei_2017,
	doi = {10.1148/radiol.2017161736},
	url = {https://doi.org/10.1148%2Fradiol.2017161736},
	year = 2017,
	month = {sep},
	publisher = {Radiological Society of North America ({RSNA})},
	volume = {284},
	number = {3},
	pages = {777--787},
	author = {Justin Solomon and Daniele Marin and Kingshuk Roy Choudhury and Bhavik N. Patel and Ehsan Samei},
	title = {Effect of Radiation Dose Reduction and Reconstruction Algorithm on Image Noise, Contrast, Resolution, and Detectability of Subtle Hypoattenuating Liver Lesions at Multidetector {CT}},
	journal = {Radiology}
}

@inbook{Bushberg2021Ch2,
  author    = {Bushberg, Jerrold T. and Seibert, J. Anthony and Leidholdt, Jr., Edwin M. and Boone, John M.},
  title     = {X-Ray Production, X-Ray Tubes, and X-Ray Generators},
  booktitle = {The Essential Physics of Medical Imaging},
  chapter   = {2},
  edition   = {4th},
  publisher = {Wolters Kluwer},
  year      = {2021},
  url       = {https://radiologykey.com/x-ray-production-tubes-and-generators-2/},
  note      = {Accessed on 2024-10-26}
}

@article{Seibert_2004,
	author = {Seibert, J. Anthony},
	title = {X-Ray Imaging Physics for Nuclear Medicine Technologists. Part 1: Basic Principles of X-Ray Production},
	journal = {Journal of Nuclear Medicine Technology},
	year = {2004},
	volume = {32},
	number = {3},
	pages = {139--147},
	month = {sep},
	url = {https://tech.snmjournals.org/content/32/3/139}
}

@article{Bos2023RadiationExposureCT,
  author       = {Bos, Denise and Guberina, Nika and Zensen, Sebastian and Opitz, Marcel and Forsting, Michael and Wetter, Axel},
  title        = {Radiation Exposure in Computed Tomography},
  journal      = {Dtsch Arztebl Int},
  year         = {2023},
  volume       = {120},
  number       = {9},
  pages        = {135--141},
  doi          = {10.3238/arztebl.m2022.0395},
  pmid         = {36633449},
  pmcid        = {PMC10198168},
  url          = {https://www.ncbi.nlm.nih.gov/pmc/articles/PMC10198168/}
}

@online{Chamberlain2016Poisson,
  author    = {Andrew Chamberlain},
  title     = {Deriving the Poisson Distribution from the Binomial Distribution},
  year      = {2016},
  url       = {https://medium.com/@andrew.chamberlain/deriving-the-poisson-distribution-from-the-binomial-distribution-840cc1668239},
  note      = {Accessed: 2025-09-25}
}


@article{Xie2017Robust,
  author    = {Qi Xie and Dong Zeng and Qian Zhao and Deyu Meng and Zongben Xu and Zhengrong Liang and Jianhua Ma},
  title     = {Robust Low-Dose CT Sinogram Preprocessing via Exploiting Noise-Generating Mechanism},
  journal   = {IEEE Transactions on Medical Imaging},
  year      = {2017},
  volume    = {36},
  number    = {12},
  pages     = {2487--2498},
  doi       = {10.1109/TMI.2017.2767290},
  url       = {https://pubmed.ncbi.nlm.nih.gov/29192885/},
  note      = {PMID: 29192885, PMCID: PMC5718215}
}


@article{Yin2021,
  author  = {Yin, Xiangrui and Zhao, Qianlong and Liu, Jin and Yang, Wei and Yang, Jian and Quan, Guotao and Chen, Yang and Shu, Huazhong and Luo, Limin and Coatrieux, Jean-Louis},
  journal = {IEEE Transactions on Medical Imaging},
  title   = {Domain Progressive 3D Residual Convolution Network to Improve Low-Dose CT Imaging},
  year    = {2021},
  volume  = {40},
  number  = {10},
  pages   = {2941-2954},
  doi     = {10.1109/TMI.2021.3090680}
}

@article{leuschner2022lodopab,
  title={{LoDoPaB-CT}, a benchmark dataset for low-dose computed tomography reconstruction},
  author={Leuschner, Johannes and Schmidt, Maximilian and {\v{S}}ari{\'c}, Josip and {\"O}ktem, Ozan},
  journal={Scientific Data},
  volume={9},
  number={1},
  pages={636},
  year={2022},
  publisher={Nature Publishing Group UK London},
  doi={10.1038/s41597-022-01743-8}
}

@misc{Chugani2025,
  author = {Chugani, Vinod},
  title = {A Gentle Introduction to Learning Rate Schedulers},
  year = {2025},
  howpublished = {\url{https://machinelearningmastery.com/a-gentle-introduction-to-learning-rate-schedulers/}},
  note = {Accessed: 2025-10-02}
}